% Encoding: UTF-8


@Inproceedings{certiCrypt,
  Title                    = {Formal Certification of Code-Based Cryptographic Proofs},
  Author                   = {Gilles Barthe and Benjamin Gr{\'e}goire and Santiago {Zanella B{\'e}guelin}},
  Booktitle                = {36th ACM SIGPLAN-SIGACT Symposium on Principles of Programming Languages, POPL 2009},
  Year                     = {2009},
  Pages                    = {90--101},
  Publisher                = {ACM},
  Url                      = {http://dx.doi.org/10.1145/1480881.1480894}
}

@Misc{GameB_1,
  Title                    = {Code-Based Game-Playing Proofs and the Security of Triple Encryption},
  Author                   = {Mihir Bellare and Phillip Rogaway},
  Year                     = {2004},
  HowPublished             = {Cryptology ePrint Archive, Report 2004/331},
  Note                     = {\url{http://eprint.iacr.org/}}
}

@Misc{proVerif,
  Title                    = {{Proverif: Cryptographic protocol verifier in the formal model}},
  Author                   = {Bruno Blanchet},
  HowPublished             = {\url{http://www.proverif.ens.fr/}},

  Timestamp                = {2012.05.15}
}

@Misc{kamm12,
  Title                    = {{ProveIt -- How to make proving cryptographic protocols less tedious}},
  Author                   = {Liina Kamm},
  Year                     = {2012},
  HowPublished             = {Talk at the 21st Estonian Computer Science Theory Days at Kubija},
  Month                    = {January},
  Url                      = {http://www.cs.ut.ee/~varmo/tday-kubija/kamm-slides.pdf},

  File                     = {:/Users/tiina/Desktop/Thesis/Documents/papers/2012-05-tiina-bachelors-thesis/References/kamm-slides.pdf:PDF},
  Timestamp                = {2012.04.27}
}

@Electronic{laan,
  Title                    = {VÃµreteooria},
  Author                   = {Laan, Valdis},
  Url                      = {https://courses.ms.ut.ee/MTMM.00.039/2017_fall/uploads/Main/kon.pdf},
  Year                     = {2017},
  Language                 = {estonian},
  Urldate                  = {2018-02-27},

  Owner                    = {simmo},
  Timestamp                = {2018.02.27}
}

@Misc{GameB_2,
  Title                    = {Sequences of games: a tool for taming complexity in security proofs},
  Author                   = {Victor Shoup},
  Year                     = {2004},
  HowPublished             = {Cryptology ePrint Archive, Report 2004/332},
  Note                     = {\url{http://eprint.iacr.org/}}
}

@Comment{jabref-meta: databaseType:biblatex;}
